
<marc:record><marc:leader>03795nam a2200469 i 4500</marc:leader>
<marc:controlfield tag="001">001200872</marc:controlfield>
<marc:controlfield tag="005">20220831103203.0</marc:controlfield><marc:controlfield tag="006">m     o  d f      </marc:controlfield><marc:controlfield tag="007">cr |||||||||||</marc:controlfield><marc:controlfield tag="008">220831m19521953dcub    os   f000 0 eng c</marc:controlfield><marc:datafield tag="035" ind1=" " ind2=" "><marc:subfield code="a">(OCoLC)1343016455</marc:subfield></marc:datafield><marc:datafield tag="040" ind1=" " ind2=" "><marc:subfield code="a">GPO</marc:subfield><marc:subfield code="b">eng</marc:subfield><marc:subfield code="e">rda</marc:subfield><marc:subfield code="e">pn</marc:subfield><marc:subfield code="c">GPO</marc:subfield></marc:datafield><marc:datafield tag="042" ind1=" " ind2=" "><marc:subfield code="a">pcc</marc:subfield></marc:datafield><marc:datafield tag="043" ind1=" " ind2=" "><marc:subfield code="a">n-us---</marc:subfield></marc:datafield><marc:datafield tag="074" ind1=" " ind2=" "><marc:subfield code="a">0159 (online)</marc:subfield></marc:datafield><marc:datafield tag="086" ind1="0" ind2=" "><marc:subfield code="a">C 3.950-7/5:V.2/PT.1-54</marc:subfield></marc:datafield><marc:datafield tag="245" ind1="0" ind2="0"><marc:subfield code="a">Census of population, 1950.</marc:subfield><marc:subfield code="n">Volume II,</marc:subfield><marc:subfield code="p">Characteristics of the population :</marc:subfield><marc:subfield code="b">number of inhabitants, general and detailed characteristics of the population /</marc:subfield><marc:subfield code="c">prepared under the supervision of Howard G. Brunsman.</marc:subfield></marc:datafield><marc:datafield tag="246" ind1="1" ind2=" "><marc:subfield code="i">At head of title:</marc:subfield><marc:subfield code="a">Report of the seventeenth decennial census of the United States</marc:subfield></marc:datafield><marc:datafield tag="246" ind1="3" ind2=" "><marc:subfield code="a">Characteristics of the population :</marc:subfield><marc:subfield code="b">number of inhabitants, general and detailed characteristics of the population</marc:subfield></marc:datafield><marc:datafield tag="246" ind1="1" ind2=" "><marc:subfield code="i">Landing page title:</marc:subfield><marc:subfield code="a">1950 census of population.</marc:subfield><marc:subfield code="n">Volume 2,</marc:subfield><marc:subfield code="p">Characteristics of the population</marc:subfield></marc:datafield><marc:datafield tag="264" ind1=" " ind2="1"><marc:subfield code="a">[Washington, D.C.] :</marc:subfield><marc:subfield code="b">U.S. Department of Commerce, Bureau of the Census,</marc:subfield><marc:subfield code="c">1952-1953.</marc:subfield></marc:datafield><marc:datafield tag="300" ind1=" " ind2=" "><marc:subfield code="a">1 online resource (54 volumes several PDF's) :</marc:subfield><marc:subfield code="b">maps</marc:subfield></marc:datafield><marc:datafield tag="336" ind1=" " ind2=" "><marc:subfield code="a">text</marc:subfield><marc:subfield code="b">txt</marc:subfield><marc:subfield code="2">rdacontent</marc:subfield></marc:datafield><marc:datafield tag="337" ind1=" " ind2=" "><marc:subfield code="a">computer</marc:subfield><marc:subfield code="b">c</marc:subfield><marc:subfield code="2">rdamedia</marc:subfield></marc:datafield><marc:datafield tag="338" ind1=" " ind2=" "><marc:subfield code="a">online resource</marc:subfield><marc:subfield code="b">cr</marc:subfield><marc:subfield code="2">rdacarrier</marc:subfield></marc:datafield><marc:datafield tag="500" ind1=" " ind2=" "><marc:subfield code="a">Chiefly tables.</marc:subfield></marc:datafield><marc:datafield tag="505" ind1="0" ind2=" "><marc:subfield code="a">pt. 1. United States summary -- pt. 2. Alabama -- pt. 3. Arizona -- pt. 4. Arkansas -- pt. 5. California -- pt. 6. Colorado -- pt. 7. Connecticut -- pt. 8. Delaware -- pt. 9. District of Columbia -- pt. 10 Florida -- pt. 11. Georgia -- pt. 12. Idaho -- pt. 13. Illinois -- pt. 14. Indiana -- pt. 15. Iowa -- pt. 16. Kansas -- pt. 17. Kentucky -- pt. 18. Louisiana -- pt. 19. Maine -- pt. 20. Maryland -- pt. 21. Massachusetts -- pt. 22. Michigan -- pt. 23. Minnesota -- pt. 24. Mississippi -- pt. 25. Missouri -- pt. 26. Montana -- pt. 27. Nebraska -- pt. 28. Nevada -- pt. 29. New Hampshire -- pt. 30. New Jersey -- pt. 31. New Mexico -- pt. 32. New York -- pt. 33. North Carolina -- pt. 34. North Dakota -- pt. 35. Ohio -- pt. 36. Oklahoma -- pt. 37. Oregon -- pt. 38. Pennsylvania -- pt. 39. Rhode Island -- pt. 40. South Carolina -- pt. 41. South Dakota -- pt. 42. Tennessee -- pt. 43. Texas -- pt. 44. Utah -- pt. 45. Vermont -- pt. 46. Virginia -- pt. 47. Washington -- pt. 48. West Virginia -- pt. 49. Wisconsin -- pt. 50. Wyoming -- pt. 51-54. Territories and possessions (Alaska, Hawaii, Puerto Rico, America Samoa, Canal Zone, Guam, and Virgin Islands).</marc:subfield></marc:datafield><marc:datafield tag="588" ind1=" " ind2=" "><marc:subfield code="a">Description based on online resource, PDF version; title from PDF title page (Census,viewed Aug. 30, 2022).</marc:subfield></marc:datafield><marc:datafield tag="651" ind1=" " ind2="0"><marc:subfield code="a">United States</marc:subfield><marc:subfield code="0">http://id.loc.gov/authorities/names/n78095330</marc:subfield><marc:subfield code="v">Census, 1950.</marc:subfield><marc:subfield code="0">http://id.loc.gov/authorities/subjects/sh99001411</marc:subfield></marc:datafield><marc:datafield tag="651" ind1=" " ind2="0"><marc:subfield code="a">United States</marc:subfield><marc:subfield code="x">Population</marc:subfield><marc:subfield code="0">http://id.loc.gov/authorities/subjects/sh85140483</marc:subfield><marc:subfield code="v">Statistics.</marc:subfield><marc:subfield code="0">http://id.loc.gov/authorities/subjects/sh99001414</marc:subfield></marc:datafield><marc:datafield tag="655" ind1=" " ind2="7"><marc:subfield code="a">Statistics.</marc:subfield><marc:subfield code="2">lcgft</marc:subfield><marc:subfield code="0">http://id.loc.gov/authorities/genreForms/gf2014026181</marc:subfield></marc:datafield><marc:datafield tag="655" ind1=" " ind2="7"><marc:subfield code="a">Census data.</marc:subfield><marc:subfield code="2">lcgft</marc:subfield><marc:subfield code="0">http://id.loc.gov/authorities/genreForms/gf2014026059</marc:subfield></marc:datafield><marc:datafield tag="700" ind1="1" ind2=" "><marc:subfield code="a">Brunsman, Howard G.</marc:subfield><marc:subfield code="q">(Howard George),</marc:subfield><marc:subfield code="d">1904-1981.</marc:subfield><marc:subfield code="0">http://id.loc.gov/authorities/names/no94018207</marc:subfield></marc:datafield><marc:datafield tag="710" ind1="1" ind2=" "><marc:subfield code="a">United States.</marc:subfield><marc:subfield code="b">Bureau of the Census,</marc:subfield><marc:subfield code="0">http://id.loc.gov/authorities/names/n83054431</marc:subfield><marc:subfield code="e">issuing body.</marc:subfield></marc:datafield><marc:datafield tag="776" ind1="0" ind2="8"><marc:subfield code="i">Print version:</marc:subfield><marc:subfield code="a">United States. Bureau of the Census.</marc:subfield><marc:subfield code="t">Census of population: 1950. Volume II, Characteristics of the population</marc:subfield><marc:subfield code="w">(OCoLC)1053128214</marc:subfield></marc:datafield><marc:datafield tag="856" ind1="4" ind2="0"><marc:subfield code="u">https://purl.fdlp.gov/GPO/gpo185941</marc:subfield><marc:subfield code="7">0</marc:subfield></marc:datafield><marc:datafield tag="856" ind1="4" ind2=" "><marc:subfield code="z">Address at time of PURL creation</marc:subfield><marc:subfield code="u">https://www.census.gov/library/publications/1953/dec/population-vol-02.html</marc:subfield></marc:datafield><marc:datafield tag="994" ind1=" " ind2=" "><marc:subfield code="a">C0</marc:subfield><marc:subfield code="b">GPO</marc:subfield></marc:datafield><marc:datafield tag="049" ind1=" " ind2=" "><marc:subfield code="a">XZLA</marc:subfield></marc:datafield><marc:datafield tag="955" ind1=" " ind2=" "><marc:subfield code="a">bc72 20220831</marc:subfield><marc:subfield code="b">20220831</marc:subfield></marc:datafield><marc:datafield tag="922" ind1=" " ind2=" "><marc:subfield code="a">BIBCONEW</marc:subfield><marc:subfield code="b">20220831</marc:subfield></marc:datafield><marc:datafield tag="922" ind1=" " ind2=" "><marc:subfield code="a">UNREPORTEDPUBSASKGPO</marc:subfield><marc:subfield code="b">20220831</marc:subfield></marc:datafield></marc:record>